<?xml version="1.0" encoding="UTF-8"?><collection xmlns="http://www.loc.gov/MARC21/slim"><record><leader>00678nam--2200193-i-4500</leader><controlfield tag="001">000013547</controlfield><controlfield tag="002">20161230</controlfield><controlfield tag="005">20161230201030</controlfield><controlfield tag="008">060222s1000------------r-----000-0-eng-d</controlfield><datafield ind1=" " ind2=" " tag="040"><subfield code="a">IFIN-HH</subfield></datafield><datafield ind1=" " ind2=" " tag="080"><subfield code="a">539.17(075.9)</subfield></datafield><datafield ind1="1" ind2=" " tag="100"><subfield code="a">Crowe, Kenneth</subfield></datafield><datafield ind1="1" ind2="0" tag="245"><subfield code="a">Exotic atoms 79 fundamental interactions and structure of matter. ettore majorana international science series. vol. 4</subfield><subfield code="c">Kenneth crowe, jean duclos, giovanni fiorentini, gabriele torelli (eds.)</subfield></datafield><datafield ind1=" " ind2=" " tag="260"><subfield code="a">New York</subfield><subfield code="b">Plenum Press</subfield><subfield code="c">1980</subfield></datafield><datafield ind1=" " ind2=" " tag="300"><subfield code="a">IX+403P</subfield></datafield><datafield ind1=" " ind2=" " tag="490"><subfield code="a">Ettore Majorana International Science Series, 4</subfield></datafield><datafield ind1="1" ind2=" " tag="700"><subfield code="a">Torelli, Gabriele</subfield><subfield code="e">Ed</subfield></datafield><datafield ind1=" " ind2=" " tag="852"><subfield code="a">48928</subfield><subfield code="c">53</subfield></datafield><datafield ind1=" " ind2=" " tag="CAT"><subfield code="a">Sys</subfield><subfield code="c">20150330</subfield><subfield code="h">111104</subfield></datafield></record></collection>